<record><leader>00000cas a22000007a 4500</leader><controlfield tag="001">1565233</controlfield><controlfield tag="008">750824d18921975mnuwr ne      0    0eng d</controlfield><datafield ind1=" " ind2=" " tag="010"><subfield code="a">sn 90060678 </subfield></datafield><datafield ind1=" " ind2=" " tag="040"><subfield code="a">MUL</subfield><subfield code="b">eng</subfield><subfield code="c">MUL</subfield><subfield code="d">OCL</subfield><subfield code="d">MN#</subfield><subfield code="d">OCLCQ</subfield></datafield><datafield ind1=" " ind2=" " tag="042"><subfield code="a">msc</subfield></datafield><datafield ind1=" " ind2=" " tag="043"><subfield code="a">n-us-mn</subfield></datafield><datafield ind1=" " ind2=" " tag="052"><subfield code="a">4144</subfield><subfield code="b">C785</subfield></datafield><datafield ind1=" " ind2=" " tag="052"><subfield code="a">4143</subfield><subfield code="b">L9</subfield></datafield><datafield ind1="0" ind2="4" tag="245"><subfield code="a">The Cottonwood current.</subfield></datafield><datafield ind1=" " ind2=" " tag="260"><subfield code="a">Cottonwood, Lyon County, Minn. :</subfield><subfield code="b">W.D. Lovelace</subfield></datafield><datafield ind1=" " ind2=" " tag="300"><subfield code="a">v.</subfield></datafield><datafield ind1=" " ind2=" " tag="310"><subfield code="a">Weekly</subfield></datafield><datafield ind1="1" ind2=" " tag="362"><subfield code="a">Began in Feb. 1892?</subfield></datafield><datafield ind1="0" ind2=" " tag="362"><subfield code="a">-v. 81, no. 30 (June 12, 1975).</subfield></datafield><datafield ind1=" " ind2=" " tag="530"><subfield code="a">Available on microfilm from the Minnesota Historical Society.</subfield></datafield><datafield ind1=" " ind2=" " tag="588"><subfield code="a">Description based on: Vol. 6, no. 13 (Apr. 24, 1897).</subfield></datafield><datafield ind1=" " ind2="0" tag="651"><subfield code="a">Cottonwood (Minn.)</subfield><subfield code="v">Newspapers.</subfield></datafield><datafield ind1=" " ind2=" " tag="752"><subfield code="a">United States</subfield><subfield code="b">Minnesota</subfield><subfield code="c">Lyon</subfield><subfield code="d">Cottonwood.</subfield></datafield><datafield ind1="0" ind2="0" tag="785"><subfield code="t">Cottonwood current and Hanley Falls news</subfield><subfield code="w">(DLC)sn 90060677</subfield></datafield><datafield ind1="1" ind2=" " tag="029"><subfield code="a">AU@</subfield><subfield code="b">000025909459</subfield></datafield></record>